@online{biblatex,
  title = {Biblatex â€“ Sophisticated Bibliographies in LaTeX},
  publisher = {Dansk Standard},
  year = {2018},
  author = {Philipp Lehman AND Joseph Wright AND Audrey Boruvka AND Philip Kime},
  url = {https://www.ctan.org/pkg/biblatex}
}

@misc{parsing_lexing,
  author={Smittyvb},
  title={GitHub},
  year={2022},
  url={https://github.com/Smittyvb/ttw/blob/master/taglogic/src/bool.rs},
}

